@article{kramer2013net,
  title={Net neutrality: A progress report},
  author={Kr{\"a}mer, Jan and Wiewiorra, Lukas and Weinhardt, Christof},
  journal={Telecommunications Policy},
  volume={37},
  number={9},
  pages={794--813},
  year={2013},
  publisher={Elsevier}
}